
    <marc:record>
        <marc:leader>01474cam a22003494i 4500</marc:leader>
        <marc:controlfield tag="001">002297134</marc:controlfield>
        <marc:controlfield tag="003">FI-MELINDA</marc:controlfield>
        <marc:controlfield tag="005">20210409000359.0</marc:controlfield>
        <marc:controlfield tag="008">021009s2002    sw |||||||||||||||||swe||</marc:controlfield>
        <marc:datafield tag="020" ind1=" " ind2=" ">
            <marc:subfield code="a">91-7018-492-5</marc:subfield>
        </marc:datafield>
        <marc:datafield tag="035" ind1=" " ind2=" ">
            <marc:subfield code="a">(FI-MELINDA)002297134</marc:subfield>
        </marc:datafield>
        <marc:datafield tag="041" ind1="0" ind2=" ">
            <marc:subfield code="a">swe</marc:subfield>
        </marc:datafield>
        <marc:datafield tag="084" ind1=" " ind2=" ">
            <marc:subfield code="a">86.12</marc:subfield>
            <marc:subfield code="2">ykl</marc:subfield>
        </marc:datafield>
        <marc:datafield tag="100" ind1="1" ind2=" ">
            <marc:subfield code="a">Eriksson, Bengt.</marc:subfield>
        </marc:datafield>
        <marc:datafield tag="245" ind1="1" ind2="0">
            <marc:subfield code="a">Deckarhyllan :</marc:subfield>
            <marc:subfield code="b">över 100 deckarförfattare från Hans Alfredson via Karin Fossum och Ian Rankin till Helena von Zweigbergk /</marc:subfield>
            <marc:subfield code="c">Bengt Eriksson.</marc:subfield>
        </marc:datafield>
        <marc:datafield tag="250" ind1=" " ind2=" ">
            <marc:subfield code="a">Ny, utök. uppl.</marc:subfield>
        </marc:datafield>
        <marc:datafield tag="260" ind1=" " ind2=" ">
            <marc:subfield code="a">Lund :</marc:subfield>
            <marc:subfield code="b">Bibliotekstjänst,</marc:subfield>
            <marc:subfield code="c">2002</marc:subfield>
            <marc:subfield code="e">(Trelleborg :</marc:subfield>
            <marc:subfield code="f">Berling Skog)</marc:subfield>
        </marc:datafield>
        <marc:datafield tag="300" ind1=" " ind2=" ">
            <marc:subfield code="a">390 s. ;</marc:subfield>
            <marc:subfield code="c">20 cm</marc:subfield>
        </marc:datafield>
        <marc:datafield tag="336" ind1=" " ind2=" ">
            <marc:subfield code="a">teksti</marc:subfield>
            <marc:subfield code="b">txt</marc:subfield>
            <marc:subfield code="2">rdacontent</marc:subfield>
        </marc:datafield>
        <marc:datafield tag="337" ind1=" " ind2=" ">
            <marc:subfield code="a">käytettävissä ilman laitetta</marc:subfield>
            <marc:subfield code="b">n</marc:subfield>
            <marc:subfield code="2">rdamedia</marc:subfield>
        </marc:datafield>
        <marc:datafield tag="338" ind1=" " ind2=" ">
            <marc:subfield code="a">nide</marc:subfield>
            <marc:subfield code="b">nc</marc:subfield>
            <marc:subfield code="2">rdacarrier</marc:subfield>
        </marc:datafield>
        <marc:datafield tag="650" ind1=" " ind2="7">
            <marc:subfield code="a">jännityskirjallisuus</marc:subfield>
            <marc:subfield code="2">yso/fin</marc:subfield>
            <marc:subfield code="0">http://www.yso.fi/onto/yso/p5087</marc:subfield>
        </marc:datafield>
        <marc:datafield tag="650" ind1=" " ind2="7">
            <marc:subfield code="a">kirjailijat</marc:subfield>
            <marc:subfield code="2">yso/fin</marc:subfield>
            <marc:subfield code="0">http://www.yso.fi/onto/yso/p8970</marc:subfield>
        </marc:datafield>
        <marc:datafield tag="650" ind1=" " ind2="7">
            <marc:subfield code="a">rikoskirjallisuus</marc:subfield>
            <marc:subfield code="2">yso/fin</marc:subfield>
            <marc:subfield code="0">http://www.yso.fi/onto/yso/p5088</marc:subfield>
        </marc:datafield>
        <marc:datafield tag="650" ind1=" " ind2="7">
            <marc:subfield code="a">salapoliisikirjallisuus</marc:subfield>
            <marc:subfield code="2">yso/fin</marc:subfield>
            <marc:subfield code="0">http://www.yso.fi/onto/yso/p5086</marc:subfield>
        </marc:datafield>
        <marc:datafield tag="650" ind1=" " ind2="7">
            <marc:subfield code="a">thrillers (litteratur)</marc:subfield>
            <marc:subfield code="2">yso/swe</marc:subfield>
            <marc:subfield code="0">http://www.yso.fi/onto/yso/p5087</marc:subfield>
        </marc:datafield>
        <marc:datafield tag="650" ind1=" " ind2="7">
            <marc:subfield code="a">författare</marc:subfield>
            <marc:subfield code="2">yso/swe</marc:subfield>
            <marc:subfield code="0">http://www.yso.fi/onto/yso/p8970</marc:subfield>
        </marc:datafield>
        <marc:datafield tag="650" ind1=" " ind2="7">
            <marc:subfield code="a">kriminalfiktion</marc:subfield>
            <marc:subfield code="2">yso/swe</marc:subfield>
            <marc:subfield code="0">http://www.yso.fi/onto/yso/p5088</marc:subfield>
        </marc:datafield>
        <marc:datafield tag="650" ind1=" " ind2="7">
            <marc:subfield code="a">detektivlitteratur</marc:subfield>
            <marc:subfield code="2">yso/swe</marc:subfield>
            <marc:subfield code="0">http://www.yso.fi/onto/yso/p5086</marc:subfield>
        </marc:datafield>
        <marc:datafield tag="650" ind1=" " ind2="7">
            <marc:subfield code="a">Detektivromaner</marc:subfield>
            <marc:subfield code="2">sao</marc:subfield>
        </marc:datafield>
        <marc:datafield tag="650" ind1=" " ind2="7">
            <marc:subfield code="a">Kriminallitteratur</marc:subfield>
            <marc:subfield code="x">bibliografi</marc:subfield>
            <marc:subfield code="2">sao</marc:subfield>
        </marc:datafield>
        <marc:datafield tag="653" ind1=" " ind2=" ">
            <marc:subfield code="a">Lexikon</marc:subfield>
        </marc:datafield>
    </marc:record>