
    <marc:record>
        <marc:leader>04788cam a2201045 i 4500</marc:leader>
        <marc:controlfield tag="001">004744283</marc:controlfield>
        <marc:controlfield tag="003">FI-MELINDA</marc:controlfield>
        <marc:controlfield tag="005">20210503153054.0</marc:controlfield>
        <marc:controlfield tag="008">050701s2005    fi |||||||||||||||f|fin| </marc:controlfield>
        <marc:datafield tag="015" ind1=" " ind2=" ">
            <marc:subfield code="a">fx799694</marc:subfield>
            <marc:subfield code="2">skl</marc:subfield>
        </marc:datafield>
        <marc:datafield tag="020" ind1=" " ind2=" ">
            <marc:subfield code="a">952-471-127-3</marc:subfield>
            <marc:subfield code="q">sidottu</marc:subfield>
        </marc:datafield>
        <marc:datafield tag="024" ind1="8" ind2=" ">
            <marc:subfield code="a">A0766653</marc:subfield>
        </marc:datafield>
        <marc:datafield tag="035" ind1=" " ind2=" ">
            <marc:subfield code="a">(FI-MELINDA)004744283</marc:subfield>
        </marc:datafield>
        <marc:datafield tag="040" ind1=" " ind2=" ">
            <marc:subfield code="a">FI-NL</marc:subfield>
            <marc:subfield code="b">fin</marc:subfield>
        </marc:datafield>
        <marc:datafield tag="041" ind1="1" ind2=" ">
            <marc:subfield code="a">fin</marc:subfield>
            <marc:subfield code="h">nor</marc:subfield>
        </marc:datafield>
        <marc:datafield tag="042" ind1=" " ind2=" ">
            <marc:subfield code="a">finb</marc:subfield>
        </marc:datafield>
        <marc:datafield tag="072" ind1=" " ind2="7">
            <marc:subfield code="a">87</marc:subfield>
            <marc:subfield code="2">kkaa</marc:subfield>
        </marc:datafield>
        <marc:datafield tag="080" ind1=" " ind2=" ">
            <marc:subfield code="a">839.6</marc:subfield>
            <marc:subfield code="x">-3</marc:subfield>
            <marc:subfield code="2">1974/fin/fennica</marc:subfield>
        </marc:datafield>
        <marc:datafield tag="080" ind1=" " ind2=" ">
            <marc:subfield code="a">839.6-3</marc:subfield>
        </marc:datafield>
        <marc:datafield tag="084" ind1=" " ind2=" ">
            <marc:subfield code="a">84.2</marc:subfield>
            <marc:subfield code="2">ykl</marc:subfield>
        </marc:datafield>
        <marc:datafield tag="084" ind1=" " ind2=" ">
            <marc:subfield code="a">84</marc:subfield>
            <marc:subfield code="2">ykl</marc:subfield>
        </marc:datafield>
        <marc:datafield tag="100" ind1="1" ind2=" ">
            <marc:subfield code="a">Fossum, Karin.</marc:subfield>
        </marc:datafield>
        <marc:datafield tag="240" ind1="1" ind2="3">
            <marc:subfield code="a">De gales hus,</marc:subfield>
            <marc:subfield code="l">suomi</marc:subfield>
        </marc:datafield>
        <marc:datafield tag="245" ind1="1" ind2="0">
            <marc:subfield code="a">Hullujenhuone /</marc:subfield>
            <marc:subfield code="c">Karin Fossum ; suomentanut Arvi Tamminen.</marc:subfield>
        </marc:datafield>
        <marc:datafield tag="260" ind1=" " ind2=" ">
            <marc:subfield code="a">Helsinki :</marc:subfield>
            <marc:subfield code="b">Like,</marc:subfield>
            <marc:subfield code="c">2005</marc:subfield>
            <marc:subfield code="e">(Jyväskylä :</marc:subfield>
            <marc:subfield code="f">Gummerus)</marc:subfield>
        </marc:datafield>
        <marc:datafield tag="300" ind1=" " ind2=" ">
            <marc:subfield code="a">394 s. ;</marc:subfield>
            <marc:subfield code="c">21 cm</marc:subfield>
        </marc:datafield>
        <marc:datafield tag="336" ind1=" " ind2=" ">
            <marc:subfield code="a">teksti</marc:subfield>
            <marc:subfield code="b">txt</marc:subfield>
            <marc:subfield code="2">rdacontent</marc:subfield>
        </marc:datafield>
        <marc:datafield tag="337" ind1=" " ind2=" ">
            <marc:subfield code="a">käytettävissä ilman laitetta</marc:subfield>
            <marc:subfield code="b">n</marc:subfield>
            <marc:subfield code="2">rdamedia</marc:subfield>
        </marc:datafield>
        <marc:datafield tag="338" ind1=" " ind2=" ">
            <marc:subfield code="a">nide</marc:subfield>
            <marc:subfield code="b">nc</marc:subfield>
            <marc:subfield code="2">rdacarrier</marc:subfield>
        </marc:datafield>
        <marc:datafield tag="490" ind1="1" ind2=" ">
            <marc:subfield code="a">Rikos kannattaa</marc:subfield>
        </marc:datafield>
        <marc:datafield tag="600" ind1="0" ind2="4">
            <marc:subfield code="a">Hajna</marc:subfield>
            <marc:subfield code="c">(fiktiivinen hahmo)</marc:subfield>
        </marc:datafield>
        <marc:datafield tag="648" ind1=" " ind2="7">
            <marc:subfield code="a">1970-luku</marc:subfield>
            <marc:subfield code="2">yso/fin</marc:subfield>
        </marc:datafield>
        <marc:datafield tag="650" ind1=" " ind2="2">
            <marc:subfield code="a">Inpatients</marc:subfield>
            <marc:subfield code="v">Fictional Works</marc:subfield>
        </marc:datafield>
        <marc:datafield tag="650" ind1=" " ind2="2">
            <marc:subfield code="a">Hospitals, Psychiatric</marc:subfield>
            <marc:subfield code="v">Fictional Works</marc:subfield>
        </marc:datafield>
        <marc:datafield tag="650" ind1=" " ind2="2">
            <marc:subfield code="a">Depressive Disorder</marc:subfield>
            <marc:subfield code="v">Fictional Works</marc:subfield>
        </marc:datafield>
        <marc:datafield tag="650" ind1=" " ind2="2">
            <marc:subfield code="a">Literature, Modern</marc:subfield>
        </marc:datafield>
        <marc:datafield tag="650" ind1=" " ind2="2">
            <marc:subfield code="a">Young Adult</marc:subfield>
        </marc:datafield>
        <marc:datafield tag="650" ind1=" " ind2="2">
            <marc:subfield code="a">Medicine in Literature</marc:subfield>
        </marc:datafield>
        <marc:datafield tag="650" ind1=" " ind2="7">
            <marc:subfield code="a">psykiatriset sairaalat</marc:subfield>
            <marc:subfield code="2">yso/fin</marc:subfield>
            <marc:subfield code="0">http://www.yso.fi/onto/yso/p4816</marc:subfield>
        </marc:datafield>
        <marc:datafield tag="650" ind1=" " ind2="7">
            <marc:subfield code="a">traumat</marc:subfield>
            <marc:subfield code="2">yso/fin</marc:subfield>
            <marc:subfield code="0">http://www.yso.fi/onto/yso/p9794</marc:subfield>
        </marc:datafield>
        <marc:datafield tag="650" ind1=" " ind2="7">
            <marc:subfield code="a">psyykkisesti sairaat</marc:subfield>
            <marc:subfield code="2">yso/fin</marc:subfield>
            <marc:subfield code="0">http://www.yso.fi/onto/yso/p5887</marc:subfield>
        </marc:datafield>
        <marc:datafield tag="650" ind1=" " ind2="7">
            <marc:subfield code="a">suomenkielinen kirjallisuus</marc:subfield>
            <marc:subfield code="2">yso/fin</marc:subfield>
            <marc:subfield code="0">http://www.yso.fi/onto/yso/p16810</marc:subfield>
        </marc:datafield>
        <marc:datafield tag="650" ind1=" " ind2="7">
            <marc:subfield code="a">masennus</marc:subfield>
            <marc:subfield code="2">yso/fin</marc:subfield>
            <marc:subfield code="0">http://www.yso.fi/onto/yso/p7995</marc:subfield>
        </marc:datafield>
        <marc:datafield tag="650" ind1=" " ind2="7">
            <marc:subfield code="a">kaunokirjallisuus</marc:subfield>
            <marc:subfield code="2">yso/fin</marc:subfield>
            <marc:subfield code="0">http://www.yso.fi/onto/yso/p4</marc:subfield>
        </marc:datafield>
        <marc:datafield tag="650" ind1=" " ind2="7">
            <marc:subfield code="a">mielenterveyshäiriöt</marc:subfield>
            <marc:subfield code="2">yso/fin</marc:subfield>
            <marc:subfield code="0">http://www.yso.fi/onto/yso/p990</marc:subfield>
        </marc:datafield>
        <marc:datafield tag="650" ind1=" " ind2="7">
            <marc:subfield code="a">lapsuus</marc:subfield>
            <marc:subfield code="2">yso/fin</marc:subfield>
            <marc:subfield code="0">http://www.yso.fi/onto/yso/p13735</marc:subfield>
        </marc:datafield>
        <marc:datafield tag="650" ind1=" " ind2="7">
            <marc:subfield code="a">itsetuho</marc:subfield>
            <marc:subfield code="2">yso/fin</marc:subfield>
            <marc:subfield code="0">http://www.yso.fi/onto/yso/p17351</marc:subfield>
        </marc:datafield>
        <marc:datafield tag="650" ind1=" " ind2="7">
            <marc:subfield code="a">naiset</marc:subfield>
            <marc:subfield code="2">yso/fin</marc:subfield>
            <marc:subfield code="0">http://www.yso.fi/onto/yso/p16991</marc:subfield>
        </marc:datafield>
        <marc:datafield tag="650" ind1=" " ind2="7">
            <marc:subfield code="a">hoitohenkilöstö</marc:subfield>
            <marc:subfield code="2">yso/fin</marc:subfield>
            <marc:subfield code="0">http://www.yso.fi/onto/yso/p16042</marc:subfield>
        </marc:datafield>
        <marc:datafield tag="650" ind1=" " ind2="7">
            <marc:subfield code="a">silminnäkijät</marc:subfield>
            <marc:subfield code="2">yso/fin</marc:subfield>
            <marc:subfield code="0">http://www.yso.fi/onto/yso/p16283</marc:subfield>
        </marc:datafield>
        <marc:datafield tag="650" ind1=" " ind2="7">
            <marc:subfield code="a">pahoinpitely</marc:subfield>
            <marc:subfield code="2">yso/fin</marc:subfield>
            <marc:subfield code="0">http://www.yso.fi/onto/yso/p5390</marc:subfield>
        </marc:datafield>
        <marc:datafield tag="650" ind1=" " ind2="7">
            <marc:subfield code="a">mielisairaalat</marc:subfield>
            <marc:subfield code="2">yso/fin</marc:subfield>
            <marc:subfield code="0">http://www.yso.fi/onto/yso/p4815</marc:subfield>
        </marc:datafield>
        <marc:datafield tag="650" ind1=" " ind2="7">
            <marc:subfield code="a">psykiatriska sjukhus</marc:subfield>
            <marc:subfield code="2">yso/swe</marc:subfield>
            <marc:subfield code="0">http://www.yso.fi/onto/yso/p4816</marc:subfield>
        </marc:datafield>
        <marc:datafield tag="650" ind1=" " ind2="7">
            <marc:subfield code="a">trauman</marc:subfield>
            <marc:subfield code="2">yso/swe</marc:subfield>
            <marc:subfield code="0">http://www.yso.fi/onto/yso/p9794</marc:subfield>
        </marc:datafield>
        <marc:datafield tag="650" ind1=" " ind2="7">
            <marc:subfield code="a">psykiskt sjuka</marc:subfield>
            <marc:subfield code="2">yso/swe</marc:subfield>
            <marc:subfield code="0">http://www.yso.fi/onto/yso/p5887</marc:subfield>
        </marc:datafield>
        <marc:datafield tag="650" ind1=" " ind2="7">
            <marc:subfield code="a">finsk litteratur</marc:subfield>
            <marc:subfield code="2">yso/swe</marc:subfield>
            <marc:subfield code="0">http://www.yso.fi/onto/yso/p16810</marc:subfield>
        </marc:datafield>
        <marc:datafield tag="650" ind1=" " ind2="7">
            <marc:subfield code="a">depression</marc:subfield>
            <marc:subfield code="2">yso/swe</marc:subfield>
            <marc:subfield code="0">http://www.yso.fi/onto/yso/p7995</marc:subfield>
        </marc:datafield>
        <marc:datafield tag="650" ind1=" " ind2="7">
            <marc:subfield code="a">skönlitteratur</marc:subfield>
            <marc:subfield code="2">yso/swe</marc:subfield>
            <marc:subfield code="0">http://www.yso.fi/onto/yso/p4</marc:subfield>
        </marc:datafield>
        <marc:datafield tag="650" ind1=" " ind2="7">
            <marc:subfield code="a">mentala störningar</marc:subfield>
            <marc:subfield code="2">yso/swe</marc:subfield>
            <marc:subfield code="0">http://www.yso.fi/onto/yso/p990</marc:subfield>
        </marc:datafield>
        <marc:datafield tag="650" ind1=" " ind2="7">
            <marc:subfield code="a">barndom</marc:subfield>
            <marc:subfield code="2">yso/swe</marc:subfield>
            <marc:subfield code="0">http://www.yso.fi/onto/yso/p13735</marc:subfield>
        </marc:datafield>
        <marc:datafield tag="650" ind1=" " ind2="7">
            <marc:subfield code="a">självdestruktion</marc:subfield>
            <marc:subfield code="2">yso/swe</marc:subfield>
            <marc:subfield code="0">http://www.yso.fi/onto/yso/p17351</marc:subfield>
        </marc:datafield>
        <marc:datafield tag="650" ind1=" " ind2="7">
            <marc:subfield code="a">kvinnor</marc:subfield>
            <marc:subfield code="2">yso/swe</marc:subfield>
            <marc:subfield code="0">http://www.yso.fi/onto/yso/p16991</marc:subfield>
        </marc:datafield>
        <marc:datafield tag="650" ind1=" " ind2="7">
            <marc:subfield code="a">vårdpersonal</marc:subfield>
            <marc:subfield code="2">yso/swe</marc:subfield>
            <marc:subfield code="0">http://www.yso.fi/onto/yso/p16042</marc:subfield>
        </marc:datafield>
        <marc:datafield tag="650" ind1=" " ind2="7">
            <marc:subfield code="a">ögonvittnen</marc:subfield>
            <marc:subfield code="2">yso/swe</marc:subfield>
            <marc:subfield code="0">http://www.yso.fi/onto/yso/p16283</marc:subfield>
        </marc:datafield>
        <marc:datafield tag="650" ind1=" " ind2="7">
            <marc:subfield code="a">misshandel</marc:subfield>
            <marc:subfield code="2">yso/swe</marc:subfield>
            <marc:subfield code="0">http://www.yso.fi/onto/yso/p5390</marc:subfield>
        </marc:datafield>
        <marc:datafield tag="650" ind1=" " ind2="7">
            <marc:subfield code="a">mentalsjukhus</marc:subfield>
            <marc:subfield code="2">yso/swe</marc:subfield>
            <marc:subfield code="0">http://www.yso.fi/onto/yso/p4815</marc:subfield>
        </marc:datafield>
        <marc:datafield tag="650" ind1=" " ind2="7">
            <marc:subfield code="a">romaner</marc:subfield>
            <marc:subfield code="x">översättningar</marc:subfield>
            <marc:subfield code="x">finska</marc:subfield>
            <marc:subfield code="x">norska</marc:subfield>
            <marc:subfield code="2">bella</marc:subfield>
        </marc:datafield>
        <marc:datafield tag="650" ind1=" " ind2="7">
            <marc:subfield code="a">romaanit</marc:subfield>
            <marc:subfield code="x">käännökset</marc:subfield>
            <marc:subfield code="x">suomen kieli</marc:subfield>
            <marc:subfield code="x">norjan kieli</marc:subfield>
            <marc:subfield code="2">kaunokki</marc:subfield>
        </marc:datafield>
        <marc:datafield tag="650" ind1=" " ind2="7">
            <marc:subfield code="a">traumat</marc:subfield>
            <marc:subfield code="x">lapsuus</marc:subfield>
            <marc:subfield code="2">kaunokki</marc:subfield>
        </marc:datafield>
        <marc:datafield tag="650" ind1=" " ind2="7">
            <marc:subfield code="a">itsetuho</marc:subfield>
            <marc:subfield code="x">naiset</marc:subfield>
            <marc:subfield code="2">kaunokki</marc:subfield>
        </marc:datafield>
        <marc:datafield tag="650" ind1=" " ind2="7">
            <marc:subfield code="a">mielenterveyshäiriöt</marc:subfield>
            <marc:subfield code="2">kaunokki</marc:subfield>
        </marc:datafield>
        <marc:datafield tag="650" ind1=" " ind2="7">
            <marc:subfield code="a">psyykkisesti sairaat</marc:subfield>
            <marc:subfield code="2">kaunokki</marc:subfield>
        </marc:datafield>
        <marc:datafield tag="650" ind1=" " ind2="7">
            <marc:subfield code="a">hoitohenkilöstö</marc:subfield>
            <marc:subfield code="2">kaunokki</marc:subfield>
        </marc:datafield>
        <marc:datafield tag="650" ind1=" " ind2="7">
            <marc:subfield code="a">silminnäkijät</marc:subfield>
            <marc:subfield code="x">pahoinpitely</marc:subfield>
            <marc:subfield code="2">kaunokki</marc:subfield>
        </marc:datafield>
        <marc:datafield tag="650" ind1=" " ind2="7">
            <marc:subfield code="a">mielisairaalat</marc:subfield>
            <marc:subfield code="z">Norja</marc:subfield>
            <marc:subfield code="y">2000-luku</marc:subfield>
            <marc:subfield code="2">kaunokki</marc:subfield>
        </marc:datafield>
        <marc:datafield tag="650" ind1=" " ind2="7">
            <marc:subfield code="a">2000-luku</marc:subfield>
            <marc:subfield code="2">kaunokki</marc:subfield>
        </marc:datafield>
        <marc:datafield tag="650" ind1=" " ind2="4">
            <marc:subfield code="a">Norja</marc:subfield>
        </marc:datafield>
        <marc:datafield tag="651" ind1=" " ind2="7">
            <marc:subfield code="a">Norja</marc:subfield>
            <marc:subfield code="2">yso/fin</marc:subfield>
            <marc:subfield code="0">http://www.yso.fi/onto/yso/p94309</marc:subfield>
        </marc:datafield>
        <marc:datafield tag="651" ind1=" " ind2="7">
            <marc:subfield code="a">Norge</marc:subfield>
            <marc:subfield code="2">yso/swe</marc:subfield>
            <marc:subfield code="0">http://www.yso.fi/onto/yso/p94309</marc:subfield>
        </marc:datafield>
        <marc:datafield tag="653" ind1=" " ind2=" ">
            <marc:subfield code="a">romaanit</marc:subfield>
            <marc:subfield code="a">norjan kieli</marc:subfield>
            <marc:subfield code="a">suomenkielinen käännös</marc:subfield>
        </marc:datafield>
        <marc:datafield tag="655" ind1=" " ind2="7">
            <marc:subfield code="a">kaunokirjallisuus</marc:subfield>
            <marc:subfield code="2">slm/fin</marc:subfield>
            <marc:subfield code="0">http://urn.fi/URN:NBN:fi:au:slm:s975</marc:subfield>
        </marc:datafield>
        <marc:datafield tag="655" ind1=" " ind2="7">
            <marc:subfield code="a">rikoskirjallisuus</marc:subfield>
            <marc:subfield code="2">slm/fin</marc:subfield>
            <marc:subfield code="0">http://urn.fi/URN:NBN:fi:au:slm:s911</marc:subfield>
        </marc:datafield>
        <marc:datafield tag="655" ind1=" " ind2="7">
            <marc:subfield code="a">psykologiset romaanit</marc:subfield>
            <marc:subfield code="2">slm/fin</marc:subfield>
            <marc:subfield code="0">http://urn.fi/URN:NBN:fi:au:slm:s604</marc:subfield>
        </marc:datafield>
        <marc:datafield tag="655" ind1=" " ind2="7">
            <marc:subfield code="a">romaanit</marc:subfield>
            <marc:subfield code="2">slm/fin</marc:subfield>
            <marc:subfield code="0">http://urn.fi/URN:NBN:fi:au:slm:s518</marc:subfield>
        </marc:datafield>
        <marc:datafield tag="655" ind1=" " ind2="7">
            <marc:subfield code="a">skönlitteratur</marc:subfield>
            <marc:subfield code="2">slm/swe</marc:subfield>
            <marc:subfield code="0">http://urn.fi/URN:NBN:fi:au:slm:s975</marc:subfield>
        </marc:datafield>
        <marc:datafield tag="655" ind1=" " ind2="7">
            <marc:subfield code="a">kriminalfiktion</marc:subfield>
            <marc:subfield code="2">slm/swe</marc:subfield>
            <marc:subfield code="0">http://urn.fi/URN:NBN:fi:au:slm:s911</marc:subfield>
        </marc:datafield>
        <marc:datafield tag="655" ind1=" " ind2="7">
            <marc:subfield code="a">psykologiska romaner</marc:subfield>
            <marc:subfield code="2">slm/swe</marc:subfield>
            <marc:subfield code="0">http://urn.fi/URN:NBN:fi:au:slm:s604</marc:subfield>
        </marc:datafield>
        <marc:datafield tag="655" ind1=" " ind2="7">
            <marc:subfield code="a">romaner</marc:subfield>
            <marc:subfield code="2">slm/swe</marc:subfield>
            <marc:subfield code="0">http://urn.fi/URN:NBN:fi:au:slm:s518</marc:subfield>
        </marc:datafield>
        <marc:datafield tag="700" ind1="1" ind2=" ">
            <marc:subfield code="a">Tamminen, Arvi,</marc:subfield>
            <marc:subfield code="e">kääntäjä.</marc:subfield>
            <marc:subfield code="0">(FI-ASTERI-N)000060463</marc:subfield>
        </marc:datafield>
        <marc:datafield tag="830" ind1=" " ind2="0">
            <marc:subfield code="a">Rikos kannattaa.</marc:subfield>
        </marc:datafield>
    </marc:record>