
    <marc:record>
        <marc:leader>01533cgm a22002774i 4500</marc:leader>
        <marc:controlfield tag="001">006806168</marc:controlfield>
        <marc:controlfield tag="003">FI-MELINDA</marc:controlfield>
        <marc:controlfield tag="005">20190919143106.0</marc:controlfield>
        <marc:controlfield tag="007">v||||||||</marc:controlfield>
        <marc:controlfield tag="008">110512s2010    xx ||||| |||||||||v|sgn||</marc:controlfield>
        <marc:datafield tag="020" ind1=" " ind2=" ">
            <marc:subfield code="a">978-91-28-10607-8</marc:subfield>
        </marc:datafield>
        <marc:datafield tag="035" ind1=" " ind2=" ">
            <marc:subfield code="a">(FI-MELINDA)006806168</marc:subfield>
        </marc:datafield>
        <marc:datafield tag="041" ind1="0" ind2=" ">
            <marc:subfield code="a">sgn</marc:subfield>
            <marc:subfield code="a">swe</marc:subfield>
        </marc:datafield>
        <marc:datafield tag="100" ind1="1" ind2=" ">
            <marc:subfield code="a">Fossum, Karin.</marc:subfield>
        </marc:datafield>
        <marc:datafield tag="245" ind1="1" ind2="0">
            <marc:subfield code="a">Älskade Poona /</marc:subfield>
            <marc:subfield code="c">Svenskt tal: Helena Wästborn, Ann-Charlotte Sparby, Niclas Ekholm, Teckenspråkaktör: Lars-Gunnar Möllefors Projektledare: Cathrine Björkstrand.</marc:subfield>
        </marc:datafield>
        <marc:datafield tag="260" ind1=" " ind2=" ">
            <marc:subfield code="a">Umeå :</marc:subfield>
            <marc:subfield code="b">Specialpedagogiska skolmyndigheten,</marc:subfield>
            <marc:subfield code="c">2010.</marc:subfield>
        </marc:datafield>
        <marc:datafield tag="300" ind1=" " ind2=" ">
            <marc:subfield code="a">dvd (13')</marc:subfield>
        </marc:datafield>
        <marc:datafield tag="336" ind1=" " ind2=" ">
            <marc:subfield code="a">kaksiulotteinen liikkuva kuva</marc:subfield>
            <marc:subfield code="b">tdi</marc:subfield>
            <marc:subfield code="2">rdacontent</marc:subfield>
        </marc:datafield>
        <marc:datafield tag="337" ind1=" " ind2=" ">
            <marc:subfield code="a">video</marc:subfield>
            <marc:subfield code="b">v</marc:subfield>
            <marc:subfield code="2">rdamedia</marc:subfield>
        </marc:datafield>
        <marc:datafield tag="500" ind1=" " ind2=" ">
            <marc:subfield code="a">Produkten har undertext.</marc:subfield>
        </marc:datafield>
        <marc:datafield tag="505" ind1="0" ind2=" ">
            <marc:subfield code="a">Boksamtal på teckenspråk, med svenskt tal och undertext, på dvd. Detta boksamtal på teckenspråk har tagits fram för att inspirera döva i grundskolans senare år och gymnasieskolan till att läsa och för att användas som underlag vid diskussioner. Älskade Poona är skriven av Karin Fossum, en av Nordens främsta kriminalförfattare. Maja Toft intervjuar här Åsa Helmersson, som bl.a. berättar hur hon upplever boken och vad hon tycker om språket. Några smakprov ur boken framförs av Lars-Gunnar Möllefors på teckenspråk. För elever med hörselnedsättning år 710 och gymnasieskolan.</marc:subfield>
        </marc:datafield>
        <marc:datafield tag="700" ind1="1" ind2=" ">
            <marc:subfield code="a">Wästborn, Helena.</marc:subfield>
        </marc:datafield>
        <marc:datafield tag="700" ind1="1" ind2=" ">
            <marc:subfield code="a">Sparby, Ann-Charlotte.</marc:subfield>
        </marc:datafield>
        <marc:datafield tag="700" ind1="1" ind2=" ">
            <marc:subfield code="a">Ekholm, Niclas.</marc:subfield>
        </marc:datafield>
        <marc:datafield tag="700" ind1="1" ind2=" ">
            <marc:subfield code="a">Möllefors, Lars-Gunnar.</marc:subfield>
        </marc:datafield>
        <marc:datafield tag="700" ind1="1" ind2=" ">
            <marc:subfield code="a">Björkstrand, Cathrine.</marc:subfield>
        </marc:datafield>
    </marc:record>