
    <marc:record>
        <marc:leader>00825cam a22002773i 4500</marc:leader>
        <marc:controlfield tag="001">006980160</marc:controlfield>
        <marc:controlfield tag="003">FI-MELINDA</marc:controlfield>
        <marc:controlfield tag="005">20210130231514.0</marc:controlfield>
        <marc:controlfield tag="008">141024s2007    sw ||||      |||| ||swe c</marc:controlfield>
        <marc:datafield tag="020" ind1=" " ind2=" ">
            <marc:subfield code="a">978-91-37-13011-8</marc:subfield>
            <marc:subfield code="q">inbunden</marc:subfield>
        </marc:datafield>
        <marc:datafield tag="020" ind1=" " ind2=" ">
            <marc:subfield code="a">91-37-13011-0</marc:subfield>
            <marc:subfield code="q">inbunden</marc:subfield>
        </marc:datafield>
        <marc:datafield tag="035" ind1=" " ind2=" ">
            <marc:subfield code="a">(FI-MELINDA)006980160</marc:subfield>
        </marc:datafield>
        <marc:datafield tag="040" ind1=" " ind2=" ">
            <marc:subfield code="b">fin</marc:subfield>
        </marc:datafield>
        <marc:datafield tag="041" ind1="1" ind2=" ">
            <marc:subfield code="a">swe</marc:subfield>
            <marc:subfield code="h">nor</marc:subfield>
        </marc:datafield>
        <marc:datafield tag="084" ind1=" " ind2=" ">
            <marc:subfield code="a">84.31</marc:subfield>
            <marc:subfield code="2">ykl</marc:subfield>
        </marc:datafield>
        <marc:datafield tag="100" ind1="1" ind2=" ">
            <marc:subfield code="a">Fossum, Karin.</marc:subfield>
        </marc:datafield>
        <marc:datafield tag="240" ind1="1" ind2="0">
            <marc:subfield code="a">Brudd.</marc:subfield>
            <marc:subfield code="l">Svenska</marc:subfield>
        </marc:datafield>
        <marc:datafield tag="245" ind1="1" ind2="0">
            <marc:subfield code="a">Brott /</marc:subfield>
            <marc:subfield code="c">Karin Fossum ; översättning: Ulf Örnkloo.</marc:subfield>
        </marc:datafield>
        <marc:datafield tag="260" ind1=" " ind2=" ">
            <marc:subfield code="a">Stockholm :</marc:subfield>
            <marc:subfield code="b">Forum,</marc:subfield>
            <marc:subfield code="c">2007</marc:subfield>
            <marc:subfield code="e">(Tyskland)</marc:subfield>
        </marc:datafield>
        <marc:datafield tag="300" ind1=" " ind2=" ">
            <marc:subfield code="a">274, [1] s.</marc:subfield>
        </marc:datafield>
        <marc:datafield tag="336" ind1=" " ind2=" ">
            <marc:subfield code="a">teksti</marc:subfield>
            <marc:subfield code="b">txt</marc:subfield>
            <marc:subfield code="2">rdacontent</marc:subfield>
        </marc:datafield>
        <marc:datafield tag="337" ind1=" " ind2=" ">
            <marc:subfield code="a">käytettävissä ilman laitetta</marc:subfield>
            <marc:subfield code="b">n</marc:subfield>
            <marc:subfield code="2">rdamedia</marc:subfield>
        </marc:datafield>
        <marc:datafield tag="338" ind1=" " ind2=" ">
            <marc:subfield code="a">nide</marc:subfield>
            <marc:subfield code="b">nc</marc:subfield>
            <marc:subfield code="2">rdacarrier</marc:subfield>
        </marc:datafield>
        <marc:datafield tag="600" ind1="1" ind2="4">
            <marc:subfield code="a">Eide, Alvar</marc:subfield>
            <marc:subfield code="c">(fiktiivinen hahmo)</marc:subfield>
        </marc:datafield>
        <marc:datafield tag="600" ind1="1" ind2="4">
            <marc:subfield code="a">Katrine</marc:subfield>
            <marc:subfield code="c">(fiktiivinen hahmo)</marc:subfield>
        </marc:datafield>
        <marc:datafield tag="700" ind1="1" ind2=" ">
            <marc:subfield code="a">Örnkloo, Ulf.</marc:subfield>
        </marc:datafield>
    </marc:record>