
    <marc:record>
        <marc:leader>01376cam a22003734i 4500</marc:leader>
        <marc:controlfield tag="001">007137920</marc:controlfield>
        <marc:controlfield tag="003">FI-MELINDA</marc:controlfield>
        <marc:controlfield tag="005">20201208185134.0</marc:controlfield>
        <marc:controlfield tag="008">040806s2004    sw |||||||||| ||||f|swe|c</marc:controlfield>
        <marc:datafield tag="020" ind1=" " ind2=" ">
            <marc:subfield code="a">91-37-12376-9</marc:subfield>
            <marc:subfield code="q">sidottu</marc:subfield>
        </marc:datafield>
        <marc:datafield tag="035" ind1=" " ind2=" ">
            <marc:subfield code="a">(FI-MELINDA)007137920</marc:subfield>
        </marc:datafield>
        <marc:datafield tag="041" ind1="1" ind2=" ">
            <marc:subfield code="a">swe</marc:subfield>
            <marc:subfield code="h">nor</marc:subfield>
        </marc:datafield>
        <marc:datafield tag="084" ind1=" " ind2=" ">
            <marc:subfield code="a">84.31</marc:subfield>
            <marc:subfield code="2">ykl</marc:subfield>
        </marc:datafield>
        <marc:datafield tag="100" ind1="1" ind2=" ">
            <marc:subfield code="a">Fossum, Karin.</marc:subfield>
        </marc:datafield>
        <marc:datafield tag="240" ind1="1" ind2="0">
            <marc:subfield code="a">Natt til fjerde november</marc:subfield>
        </marc:datafield>
        <marc:datafield tag="245" ind1="1" ind2="0">
            <marc:subfield code="a">Natt till den fjärde november /</marc:subfield>
            <marc:subfield code="c">Karin Fossum ; översättning Helena och Ulf Örnkloo.</marc:subfield>
        </marc:datafield>
        <marc:datafield tag="250" ind1=" " ind2=" ">
            <marc:subfield code="a">2. p.</marc:subfield>
        </marc:datafield>
        <marc:datafield tag="260" ind1=" " ind2=" ">
            <marc:subfield code="a">Stockholm :</marc:subfield>
            <marc:subfield code="b">Forum,</marc:subfield>
            <marc:subfield code="c">2004.</marc:subfield>
        </marc:datafield>
        <marc:datafield tag="300" ind1=" " ind2=" ">
            <marc:subfield code="a">175, [1] s. ;</marc:subfield>
            <marc:subfield code="c">22 cm</marc:subfield>
        </marc:datafield>
        <marc:datafield tag="336" ind1=" " ind2=" ">
            <marc:subfield code="a">teksti</marc:subfield>
            <marc:subfield code="b">txt</marc:subfield>
            <marc:subfield code="2">rdacontent</marc:subfield>
        </marc:datafield>
        <marc:datafield tag="337" ind1=" " ind2=" ">
            <marc:subfield code="a">käytettävissä ilman laitetta</marc:subfield>
            <marc:subfield code="b">n</marc:subfield>
            <marc:subfield code="2">rdamedia</marc:subfield>
        </marc:datafield>
        <marc:datafield tag="338" ind1=" " ind2=" ">
            <marc:subfield code="a">nide</marc:subfield>
            <marc:subfield code="b">nc</marc:subfield>
            <marc:subfield code="2">rdacarrier</marc:subfield>
        </marc:datafield>
        <marc:datafield tag="500" ind1=" " ind2=" ">
            <marc:subfield code="a">Första svenska upplaga 2004</marc:subfield>
        </marc:datafield>
        <marc:datafield tag="650" ind1=" " ind2="7">
            <marc:subfield code="a">föräldrar-barn-förhållande</marc:subfield>
            <marc:subfield code="2">bella</marc:subfield>
        </marc:datafield>
        <marc:datafield tag="650" ind1=" " ind2="7">
            <marc:subfield code="a">försvinnande</marc:subfield>
            <marc:subfield code="x">döttrar</marc:subfield>
            <marc:subfield code="2">bella</marc:subfield>
        </marc:datafield>
        <marc:datafield tag="650" ind1=" " ind2="7">
            <marc:subfield code="a">familjeliv</marc:subfield>
            <marc:subfield code="x">kriser</marc:subfield>
            <marc:subfield code="2">bella</marc:subfield>
        </marc:datafield>
        <marc:datafield tag="650" ind1=" " ind2="7">
            <marc:subfield code="a">parförhållande</marc:subfield>
            <marc:subfield code="x">kriser</marc:subfield>
            <marc:subfield code="2">bella</marc:subfield>
        </marc:datafield>
        <marc:datafield tag="655" ind1=" " ind2="7">
            <marc:subfield code="a">psykologiset romaanit</marc:subfield>
            <marc:subfield code="2">slm/fin</marc:subfield>
            <marc:subfield code="0">http://urn.fi/URN:NBN:fi:au:slm:s604</marc:subfield>
        </marc:datafield>
        <marc:datafield tag="655" ind1=" " ind2="7">
            <marc:subfield code="a">perheromaanit</marc:subfield>
            <marc:subfield code="2">slm/fin</marc:subfield>
            <marc:subfield code="0">http://urn.fi/URN:NBN:fi:au:slm:s1154</marc:subfield>
        </marc:datafield>
        <marc:datafield tag="655" ind1=" " ind2="7">
            <marc:subfield code="a">psykologiska romaner</marc:subfield>
            <marc:subfield code="2">slm/swe</marc:subfield>
            <marc:subfield code="0">http://urn.fi/URN:NBN:fi:au:slm:s604</marc:subfield>
        </marc:datafield>
        <marc:datafield tag="655" ind1=" " ind2="7">
            <marc:subfield code="a">familjeromaner</marc:subfield>
            <marc:subfield code="2">slm/swe</marc:subfield>
            <marc:subfield code="0">http://urn.fi/URN:NBN:fi:au:slm:s1154</marc:subfield>
        </marc:datafield>
        <marc:datafield tag="700" ind1="1" ind2=" ">
            <marc:subfield code="a">Örnkloo, Helena.</marc:subfield>
        </marc:datafield>
        <marc:datafield tag="700" ind1="1" ind2=" ">
            <marc:subfield code="a">Örnkloo, Ulf,</marc:subfield>
            <marc:subfield code="e">kirjoittaja.</marc:subfield>
        </marc:datafield>
        <marc:datafield tag="700" ind1="1" ind2=" ">
            <marc:subfield code="a">1973-</marc:subfield>
            <marc:subfield code="e">kirjoittaja.</marc:subfield>
        </marc:datafield>
    </marc:record>