
    <marc:record>
        <marc:leader>02572cgm a22006374i 4500</marc:leader>
        <marc:controlfield tag="001">007140318</marc:controlfield>
        <marc:controlfield tag="003">FI-MELINDA</marc:controlfield>
        <marc:controlfield tag="005">20210525213932.0</marc:controlfield>
        <marc:controlfield tag="007">vd|cv||||</marc:controlfield>
        <marc:controlfield tag="008">050127r20052004fi ||||d |||||||||z|nor|c</marc:controlfield>
        <marc:datafield tag="024" ind1="3" ind2=" ">
            <marc:subfield code="a">5706132361570</marc:subfield>
        </marc:datafield>
        <marc:datafield tag="024" ind1="3" ind2=" ">
            <marc:subfield code="a">5706137461572</marc:subfield>
        </marc:datafield>
        <marc:datafield tag="028" ind1="0" ind2="1">
            <marc:subfield code="b">Scanbox Entertainment Finland</marc:subfield>
            <marc:subfield code="a">DVD6157</marc:subfield>
        </marc:datafield>
        <marc:datafield tag="028" ind1="4" ind2="1">
            <marc:subfield code="b">Scanbox Entertainment Finland [jakaja]</marc:subfield>
            <marc:subfield code="a">DVD6157</marc:subfield>
        </marc:datafield>
        <marc:datafield tag="028" ind1="0" ind2="1">
            <marc:subfield code="b">Scanbox Entertainment Finland [jakaja]</marc:subfield>
            <marc:subfield code="a">FNS61576</marc:subfield>
        </marc:datafield>
        <marc:datafield tag="035" ind1=" " ind2=" ">
            <marc:subfield code="a">(FI-MELINDA)007140318</marc:subfield>
        </marc:datafield>
        <marc:datafield tag="040" ind1=" " ind2=" ">
            <marc:subfield code="b">fin</marc:subfield>
        </marc:datafield>
        <marc:datafield tag="041" ind1="0" ind2=" ">
            <marc:subfield code="a">nor</marc:subfield>
            <marc:subfield code="a">dan</marc:subfield>
            <marc:subfield code="j">nor</marc:subfield>
            <marc:subfield code="j">dan</marc:subfield>
            <marc:subfield code="j">swe</marc:subfield>
            <marc:subfield code="j">fin</marc:subfield>
            <marc:subfield code="j">ice</marc:subfield>
        </marc:datafield>
        <marc:datafield tag="049" ind1=" " ind2=" ">
            <marc:subfield code="c">K16 ;</marc:subfield>
            <marc:subfield code="d">111920</marc:subfield>
        </marc:datafield>
        <marc:datafield tag="084" ind1=" " ind2=" ">
            <marc:subfield code="a">84.2</marc:subfield>
            <marc:subfield code="2">ykl</marc:subfield>
        </marc:datafield>
        <marc:datafield tag="130" ind1="0" ind2=" ">
            <marc:subfield code="a">Den som frykter ulven.</marc:subfield>
        </marc:datafield>
        <marc:datafield tag="245" ind1="1" ind2="0">
            <marc:subfield code="a">Ken sutta pelkää.</marc:subfield>
        </marc:datafield>
        <marc:datafield tag="260" ind1=" " ind2=" ">
            <marc:subfield code="a">Vantaa :</marc:subfield>
            <marc:subfield code="b">Scanbox Entertainment Finland [jakaja],</marc:subfield>
            <marc:subfield code="c">[2005]</marc:subfield>
        </marc:datafield>
        <marc:datafield tag="300" ind1=" " ind2=" ">
            <marc:subfield code="a">1 DVD-videolevy (99 min) :</marc:subfield>
            <marc:subfield code="b">värillinen</marc:subfield>
        </marc:datafield>
        <marc:datafield tag="336" ind1=" " ind2=" ">
            <marc:subfield code="a">kaksiulotteinen liikkuva kuva</marc:subfield>
            <marc:subfield code="b">tdi</marc:subfield>
            <marc:subfield code="2">rdacontent</marc:subfield>
        </marc:datafield>
        <marc:datafield tag="337" ind1=" " ind2=" ">
            <marc:subfield code="a">video</marc:subfield>
            <marc:subfield code="b">v</marc:subfield>
            <marc:subfield code="2">rdamedia</marc:subfield>
        </marc:datafield>
        <marc:datafield tag="338" ind1=" " ind2=" ">
            <marc:subfield code="a">videolevy</marc:subfield>
            <marc:subfield code="b">vd</marc:subfield>
            <marc:subfield code="2">rdacarrier</marc:subfield>
        </marc:datafield>
        <marc:datafield tag="500" ind1=" " ind2=" ">
            <marc:subfield code="a">Perustuu Karin Fossumin romaaniin.</marc:subfield>
        </marc:datafield>
        <marc:datafield tag="505" ind1="0" ind2=" ">
            <marc:subfield code="a">Sisältää myös lisämateriaalia.</marc:subfield>
        </marc:datafield>
        <marc:datafield tag="506" ind1="1" ind2=" ">
            <marc:subfield code="a">Kielletty alle 16-vuotiailta.</marc:subfield>
        </marc:datafield>
        <marc:datafield tag="511" ind1="0" ind2=" ">
            <marc:subfield code="a">Rooleissa: Kristoffer Joner, Lars Boom, Laila Goody, Aksel Hennie, Stig Henrik Hoff.</marc:subfield>
        </marc:datafield>
        <marc:datafield tag="534" ind1=" " ind2=" ">
            <marc:subfield code="p">Alkuperäisen julkaisutiedot:</marc:subfield>
            <marc:subfield code="c">Paradox : Angel Films, 2004.</marc:subfield>
        </marc:datafield>
        <marc:datafield tag="534" ind1=" " ind2=" ">
            <marc:subfield code="p">Alkuperäinen:</marc:subfield>
            <marc:subfield code="c">Paradox : Angel Films, 2004.</marc:subfield>
        </marc:datafield>
        <marc:datafield tag="534" ind1=" " ind2=" ">
            <marc:subfield code="p">Alun perin julkaistu:</marc:subfield>
            <marc:subfield code="c">Paradox : Angel Films, 2004.</marc:subfield>
        </marc:datafield>
        <marc:datafield tag="546" ind1=" " ind2=" ">
            <marc:subfield code="a">Tekstitys: suomi, ruotsi, norja, tanska, islanti ; ääniraita: norja/tanska.</marc:subfield>
        </marc:datafield>
        <marc:datafield tag="650" ind1=" " ind2="7">
            <marc:subfield code="a">filmatisointi</marc:subfield>
            <marc:subfield code="x">romaanit</marc:subfield>
            <marc:subfield code="2">kaunokki</marc:subfield>
        </marc:datafield>
        <marc:datafield tag="650" ind1=" " ind2="7">
            <marc:subfield code="a">pankkiryöstöt</marc:subfield>
            <marc:subfield code="2">kaunokki</marc:subfield>
        </marc:datafield>
        <marc:datafield tag="650" ind1=" " ind2="7">
            <marc:subfield code="a">panttivangit</marc:subfield>
            <marc:subfield code="2">kaunokki</marc:subfield>
        </marc:datafield>
        <marc:datafield tag="655" ind1=" " ind2="7">
            <marc:subfield code="a">rikoselokuvat</marc:subfield>
            <marc:subfield code="2">slm/fin</marc:subfield>
            <marc:subfield code="0">http://urn.fi/URN:NBN:fi:au:slm:s1161</marc:subfield>
        </marc:datafield>
        <marc:datafield tag="655" ind1=" " ind2="7">
            <marc:subfield code="a">jännityselokuvat</marc:subfield>
            <marc:subfield code="2">slm/fin</marc:subfield>
            <marc:subfield code="0">http://urn.fi/URN:NBN:fi:au:slm:s607</marc:subfield>
        </marc:datafield>
        <marc:datafield tag="655" ind1=" " ind2="7">
            <marc:subfield code="a">kriminalfilmer</marc:subfield>
            <marc:subfield code="2">slm/swe</marc:subfield>
            <marc:subfield code="0">http://urn.fi/URN:NBN:fi:au:slm:s1161</marc:subfield>
        </marc:datafield>
        <marc:datafield tag="655" ind1=" " ind2="7">
            <marc:subfield code="a">thrillers (filmer)</marc:subfield>
            <marc:subfield code="2">slm/swe</marc:subfield>
            <marc:subfield code="0">http://urn.fi/URN:NBN:fi:au:slm:s607</marc:subfield>
        </marc:datafield>
        <marc:datafield tag="655" ind1=" " ind2="7">
            <marc:subfield code="a">elokuvat</marc:subfield>
            <marc:subfield code="z">Norja</marc:subfield>
            <marc:subfield code="y">2000-2009</marc:subfield>
            <marc:subfield code="2">kaunokki</marc:subfield>
        </marc:datafield>
        <marc:datafield tag="700" ind1="1" ind2=" ">
            <marc:subfield code="a">Hörtnagl, Erich,</marc:subfield>
            <marc:subfield code="e">ohjaaja.</marc:subfield>
        </marc:datafield>
        <marc:datafield tag="700" ind1="1" ind2=" ">
            <marc:subfield code="a">Fossum, Karin.</marc:subfield>
        </marc:datafield>
        <marc:datafield tag="700" ind1="1" ind2=" ">
            <marc:subfield code="a">Ahnhem, Stefan,</marc:subfield>
            <marc:subfield code="e">käsikirjoittaja.</marc:subfield>
        </marc:datafield>
        <marc:datafield tag="700" ind1="1" ind2=" ">
            <marc:subfield code="a">Andersen, John Andreas,</marc:subfield>
            <marc:subfield code="e">kuvaaja.</marc:subfield>
        </marc:datafield>
        <marc:datafield tag="700" ind1="1" ind2=" ">
            <marc:subfield code="a">Teigen, Anders,</marc:subfield>
            <marc:subfield code="e">leikkaaja.</marc:subfield>
        </marc:datafield>
        <marc:datafield tag="700" ind1="1" ind2=" ">
            <marc:subfield code="a">Johansson, Billy,</marc:subfield>
            <marc:subfield code="e">lavastaja.</marc:subfield>
        </marc:datafield>
        <marc:datafield tag="700" ind1="1" ind2=" ">
            <marc:subfield code="a">Bjerknæs, Trond,</marc:subfield>
            <marc:subfield code="e">säveltäjä.</marc:subfield>
        </marc:datafield>
        <marc:datafield tag="700" ind1="1" ind2=" ">
            <marc:subfield code="a">Bom, Lars,</marc:subfield>
            <marc:subfield code="e">näyttelijä.</marc:subfield>
        </marc:datafield>
        <marc:datafield tag="700" ind1="1" ind2=" ">
            <marc:subfield code="a">Joner, Kristoffer,</marc:subfield>
            <marc:subfield code="e">näyttelijä.</marc:subfield>
        </marc:datafield>
        <marc:datafield tag="700" ind1="1" ind2=" ">
            <marc:subfield code="a">Goody, Laila,</marc:subfield>
            <marc:subfield code="e">näyttelijä.</marc:subfield>
        </marc:datafield>
        <marc:datafield tag="700" ind1="1" ind2=" ">
            <marc:subfield code="a">Hoff, Stig Henrik,</marc:subfield>
            <marc:subfield code="e">näyttelijä.</marc:subfield>
        </marc:datafield>
        <marc:datafield tag="700" ind1="1" ind2=" ">
            <marc:subfield code="a">Hennie, Aksel,</marc:subfield>
            <marc:subfield code="e">näyttelijä.</marc:subfield>
        </marc:datafield>
        <marc:datafield tag="700" ind1="1" ind2=" ">
            <marc:subfield code="a">Hauge, Torleif,</marc:subfield>
            <marc:subfield code="e">tuottaja.</marc:subfield>
        </marc:datafield>
    </marc:record>