
    <marc:record>
        <marc:leader>00962cim a22002894i 4500</marc:leader>
        <marc:controlfield tag="001">009971030</marc:controlfield>
        <marc:controlfield tag="003">FI-MELINDA</marc:controlfield>
        <marc:controlfield tag="005">20201027222339.0</marc:controlfield>
        <marc:controlfield tag="007">sd||||||||m||d</marc:controlfield>
        <marc:controlfield tag="008">020627s2001    sw ||||| |||| ||||||swe|c</marc:controlfield>
        <marc:datafield tag="020" ind1=" " ind2=" ">
            <marc:subfield code="a">91-7953-097-4</marc:subfield>
        </marc:datafield>
        <marc:datafield tag="028" ind1="0" ind2="1">
            <marc:subfield code="b">Bonnier Audio</marc:subfield>
            <marc:subfield code="a">IFCD 26</marc:subfield>
        </marc:datafield>
        <marc:datafield tag="035" ind1=" " ind2=" ">
            <marc:subfield code="a">(FI-MELINDA)009971030</marc:subfield>
        </marc:datafield>
        <marc:datafield tag="041" ind1="1" ind2=" ">
            <marc:subfield code="a">swe</marc:subfield>
            <marc:subfield code="h">nor</marc:subfield>
        </marc:datafield>
        <marc:datafield tag="084" ind1=" " ind2=" ">
            <marc:subfield code="a">84.31</marc:subfield>
            <marc:subfield code="2">ykl</marc:subfield>
        </marc:datafield>
        <marc:datafield tag="100" ind1="1" ind2=" ">
            <marc:subfield code="a">Fossum, Karin.</marc:subfield>
        </marc:datafield>
        <marc:datafield tag="240" ind1="1" ind2="0">
            <marc:subfield code="a">Den som frykter ulven</marc:subfield>
        </marc:datafield>
        <marc:datafield tag="245" ind1="1" ind2="0">
            <marc:subfield code="a">Den som fruktar vargen /</marc:subfield>
            <marc:subfield code="c">Karin Fossum ; översättare: Helena &amp; Ulf Örnkloo.</marc:subfield>
        </marc:datafield>
        <marc:datafield tag="260" ind1=" " ind2=" ">
            <marc:subfield code="a">[Stockholm] :</marc:subfield>
            <marc:subfield code="b">Bonnier Audio,</marc:subfield>
            <marc:subfield code="c">p2001.</marc:subfield>
        </marc:datafield>
        <marc:datafield tag="300" ind1=" " ind2=" ">
            <marc:subfield code="a">8 CD-skivor (speltid ca 9 tim)</marc:subfield>
        </marc:datafield>
        <marc:datafield tag="336" ind1=" " ind2=" ">
            <marc:subfield code="a">tal</marc:subfield>
            <marc:subfield code="b">spw</marc:subfield>
            <marc:subfield code="2">rdacontent</marc:subfield>
        </marc:datafield>
        <marc:datafield tag="337" ind1=" " ind2=" ">
            <marc:subfield code="a">audio</marc:subfield>
            <marc:subfield code="b">s</marc:subfield>
            <marc:subfield code="2">rdamedia</marc:subfield>
        </marc:datafield>
        <marc:datafield tag="338" ind1=" " ind2=" ">
            <marc:subfield code="a">ljudskiva</marc:subfield>
            <marc:subfield code="b">sd</marc:subfield>
            <marc:subfield code="2">rdacarrier</marc:subfield>
        </marc:datafield>
        <marc:datafield tag="511" ind1="0" ind2=" ">
            <marc:subfield code="a">Torsten Wahlund, uppläsare.</marc:subfield>
        </marc:datafield>
        <marc:datafield tag="655" ind1=" " ind2="7">
            <marc:subfield code="a">lukemisesteisten äänikirjat</marc:subfield>
            <marc:subfield code="2">slm/fin</marc:subfield>
            <marc:subfield code="0">http://urn.fi/URN:NBN:fi:au:slm:s58</marc:subfield>
        </marc:datafield>
        <marc:datafield tag="655" ind1=" " ind2="7">
            <marc:subfield code="a">talböcker</marc:subfield>
            <marc:subfield code="2">slm/swe</marc:subfield>
            <marc:subfield code="0">http://urn.fi/URN:NBN:fi:au:slm:s58</marc:subfield>
        </marc:datafield>
        <marc:datafield tag="700" ind1="1" ind2=" ">
            <marc:subfield code="a">Wahlund, Torsten.</marc:subfield>
        </marc:datafield>
    </marc:record>