
    <marc:record>
        <marc:leader>02622cab a22005174i 4500</marc:leader>
        <marc:controlfield tag="001">012580734</marc:controlfield>
        <marc:controlfield tag="003">FI-MELINDA</marc:controlfield>
        <marc:controlfield tag="005">20210921034058.0</marc:controlfield>
        <marc:controlfield tag="008">001212s2000    fi ||||| ||||||||||0fin||</marc:controlfield>
        <marc:datafield tag="035" ind1=" " ind2=" ">
            <marc:subfield code="a">(FI-MELINDA)012580734</marc:subfield>
        </marc:datafield>
        <marc:datafield tag="041" ind1="0" ind2=" ">
            <marc:subfield code="a">fin</marc:subfield>
        </marc:datafield>
        <marc:datafield tag="100" ind1="1" ind2=" ">
            <marc:subfield code="a">Kettunen, Jarmo.</marc:subfield>
        </marc:datafield>
        <marc:datafield tag="245" ind1="1" ind2="0">
            <marc:subfield code="a">Kirjabasaareissa :</marc:subfield>
            <marc:subfield code="b">Kettusen js Sippolan kriittinen joulubasaari.</marc:subfield>
        </marc:datafield>
        <marc:datafield tag="336" ind1=" " ind2=" ">
            <marc:subfield code="a">teksti</marc:subfield>
            <marc:subfield code="b">txt</marc:subfield>
            <marc:subfield code="2">rdacontent</marc:subfield>
        </marc:datafield>
        <marc:datafield tag="337" ind1=" " ind2=" ">
            <marc:subfield code="a">käytettävissä ilman laitetta</marc:subfield>
            <marc:subfield code="b">n</marc:subfield>
            <marc:subfield code="2">rdamedia</marc:subfield>
        </marc:datafield>
        <marc:datafield tag="380" ind1=" " ind2=" ">
            <marc:subfield code="a">kirja-arvostelu</marc:subfield>
        </marc:datafield>
        <marc:datafield tag="600" ind1="1" ind2="4">
            <marc:subfield code="a">Linna, Väinö.</marc:subfield>
            <marc:subfield code="t">Sotaromaani.</marc:subfield>
        </marc:datafield>
        <marc:datafield tag="600" ind1="1" ind2="4">
            <marc:subfield code="a">Walker, Mort.</marc:subfield>
            <marc:subfield code="t">Tuntematon Masi.</marc:subfield>
        </marc:datafield>
        <marc:datafield tag="600" ind1="1" ind2="4">
            <marc:subfield code="a">Fossum, Karin.</marc:subfield>
            <marc:subfield code="t">Piru valoa kantaa.</marc:subfield>
        </marc:datafield>
        <marc:datafield tag="600" ind1="1" ind2="4">
            <marc:subfield code="a">Haataja, Paul-Erik.</marc:subfield>
            <marc:subfield code="t">Vaarojen mailla.</marc:subfield>
        </marc:datafield>
        <marc:datafield tag="600" ind1="1" ind2="4">
            <marc:subfield code="a">Kirstilä, Pentti.</marc:subfield>
            <marc:subfield code="t">Hanhivaara ja sateisen saaren tappaja.</marc:subfield>
        </marc:datafield>
        <marc:datafield tag="600" ind1="1" ind2="4">
            <marc:subfield code="a">Korhonen, Wexi.</marc:subfield>
            <marc:subfield code="t">Kuka pelkää kuolemaa.</marc:subfield>
        </marc:datafield>
        <marc:datafield tag="600" ind1="1" ind2="4">
            <marc:subfield code="a">Rannikko, Tuuli.</marc:subfield>
            <marc:subfield code="t">Valtapeli.</marc:subfield>
        </marc:datafield>
        <marc:datafield tag="600" ind1="1" ind2="4">
            <marc:subfield code="a">Ropponen, Markku.</marc:subfield>
            <marc:subfield code="t">Lavastus.</marc:subfield>
        </marc:datafield>
        <marc:datafield tag="600" ind1="1" ind2="4">
            <marc:subfield code="a">Sahlberg, Asko.</marc:subfield>
            <marc:subfield code="t">Pimeän ääni.</marc:subfield>
        </marc:datafield>
        <marc:datafield tag="600" ind1="1" ind2="4">
            <marc:subfield code="a">Sariola, Tuula.</marc:subfield>
            <marc:subfield code="t">Totta, mutta todistakaa.</marc:subfield>
        </marc:datafield>
        <marc:datafield tag="600" ind1="1" ind2="4">
            <marc:subfield code="a">Salo, Pekka.</marc:subfield>
            <marc:subfield code="t">Tiikeripython.</marc:subfield>
        </marc:datafield>
        <marc:datafield tag="600" ind1="1" ind2="4">
            <marc:subfield code="a">Nykänen, Harri.</marc:subfield>
            <marc:subfield code="t">Raid ja mustempi lammas.</marc:subfield>
        </marc:datafield>
        <marc:datafield tag="600" ind1="1" ind2="4">
            <marc:subfield code="a">Petäjä, Jukka.</marc:subfield>
            <marc:subfield code="t">Varjon metsästäjä.</marc:subfield>
        </marc:datafield>
        <marc:datafield tag="655" ind1=" " ind2="7">
            <marc:subfield code="a">kirja-arvostelut</marc:subfield>
            <marc:subfield code="2">slm/fin</marc:subfield>
            <marc:subfield code="0">http://urn.fi/URN:NBN:fi:au:slm:s1093</marc:subfield>
        </marc:datafield>
        <marc:datafield tag="655" ind1=" " ind2="7">
            <marc:subfield code="a">litteraturrecensioner</marc:subfield>
            <marc:subfield code="2">slm/swe</marc:subfield>
            <marc:subfield code="0">http://urn.fi/URN:NBN:fi:au:slm:s1093</marc:subfield>
        </marc:datafield>
        <marc:datafield tag="700" ind1="1" ind2=" ">
            <marc:subfield code="a">Sippola, Reijo.</marc:subfield>
        </marc:datafield>
        <marc:datafield tag="773" ind1="0" ind2=" ">
            <marc:subfield code="7">nnas</marc:subfield>
            <marc:subfield code="w">(FI-MELINDA)007109346</marc:subfield>
            <marc:subfield code="w">(FI-Arto)361528</marc:subfield>
            <marc:subfield code="t">Kirjo : kirjallisuus- ja kulttuurilehti. -</marc:subfield>
            <marc:subfield code="d">Tampere, 2000-. -</marc:subfield>
            <marc:subfield code="x">1457-4985. -</marc:subfield>
            <marc:subfield code="g">2000 : 4, s. 20-21</marc:subfield>
        </marc:datafield>
        <marc:datafield tag="787" ind1="0" ind2="8">
            <marc:subfield code="i">Arvosteltu teos:</marc:subfield>
            <marc:subfield code="t">Sotaromaani</marc:subfield>
            <marc:subfield code="a">Väinö Linna .</marc:subfield>
            <marc:subfield code="d">Porvoo , 2000</marc:subfield>
        </marc:datafield>
        <marc:datafield tag="787" ind1="0" ind2="8">
            <marc:subfield code="i">Arvosteltu teos:</marc:subfield>
            <marc:subfield code="t">Tuntematon Masi</marc:subfield>
            <marc:subfield code="a">Mort Walker</marc:subfield>
        </marc:datafield>
        <marc:datafield tag="787" ind1="0" ind2="8">
            <marc:subfield code="i">Arvosteltu teos:</marc:subfield>
            <marc:subfield code="t">Piru valoa kantaa</marc:subfield>
            <marc:subfield code="a">Karin Fossum ; suomentanut Tarja Teva.</marc:subfield>
            <marc:subfield code="d">Helsinki, 2000</marc:subfield>
        </marc:datafield>
        <marc:datafield tag="787" ind1="0" ind2="8">
            <marc:subfield code="i">Arvosteltu teos:</marc:subfield>
            <marc:subfield code="t">Vaarojen mailla</marc:subfield>
            <marc:subfield code="a">Paul-Erik Haataja.</marc:subfield>
            <marc:subfield code="d">Helsinki, 2000</marc:subfield>
        </marc:datafield>
        <marc:datafield tag="787" ind1="0" ind2="8">
            <marc:subfield code="i">Arvosteltu teos:</marc:subfield>
            <marc:subfield code="t">Hanhivaara ja sateisen saaren tappaja</marc:subfield>
            <marc:subfield code="a">Pentti Kirstilä.</marc:subfield>
            <marc:subfield code="d">Porvoo, 2000</marc:subfield>
        </marc:datafield>
        <marc:datafield tag="787" ind1="0" ind2="8">
            <marc:subfield code="i">Arvosteltu teos:</marc:subfield>
            <marc:subfield code="t">Kuka pelkää kuolemaa</marc:subfield>
            <marc:subfield code="a">Vexi Korhonen.</marc:subfield>
            <marc:subfield code="d">Jyväskylä, 2000</marc:subfield>
        </marc:datafield>
        <marc:datafield tag="787" ind1="0" ind2="8">
            <marc:subfield code="i">Arvosteltu teos:</marc:subfield>
            <marc:subfield code="t">Valtapeli</marc:subfield>
            <marc:subfield code="a">Tuuli Rannikko.</marc:subfield>
            <marc:subfield code="d">Jyväskylä, 2000</marc:subfield>
        </marc:datafield>
        <marc:datafield tag="787" ind1="0" ind2="8">
            <marc:subfield code="i">Arvosteltu teos:</marc:subfield>
            <marc:subfield code="t">Lavastus</marc:subfield>
            <marc:subfield code="a">Markku Ropponen.</marc:subfield>
            <marc:subfield code="d">Helsinki, 2000</marc:subfield>
        </marc:datafield>
        <marc:datafield tag="787" ind1="0" ind2="8">
            <marc:subfield code="i">Arvosteltu teos:</marc:subfield>
            <marc:subfield code="t">Pimeän ääni</marc:subfield>
            <marc:subfield code="a">Asko Sahlberg.</marc:subfield>
            <marc:subfield code="d">Porvoo, 2000</marc:subfield>
        </marc:datafield>
        <marc:datafield tag="787" ind1="0" ind2="8">
            <marc:subfield code="i">Arvosteltu teos:</marc:subfield>
            <marc:subfield code="t">Totta, mutta todistakaa</marc:subfield>
            <marc:subfield code="a">Tuula Sariola.</marc:subfield>
            <marc:subfield code="d">Jyväskylä, 2000</marc:subfield>
        </marc:datafield>
        <marc:datafield tag="787" ind1="0" ind2="8">
            <marc:subfield code="i">Arvosteltu teos:</marc:subfield>
            <marc:subfield code="t">Tiikeripython</marc:subfield>
            <marc:subfield code="a">Pekka Salo.</marc:subfield>
            <marc:subfield code="d">Jyväskylä, 2000</marc:subfield>
        </marc:datafield>
        <marc:datafield tag="787" ind1="0" ind2="8">
            <marc:subfield code="i">Arvosteltu teos:</marc:subfield>
            <marc:subfield code="t">Raid ja mustempi lammas</marc:subfield>
            <marc:subfield code="a">Harri Nykänen.</marc:subfield>
            <marc:subfield code="d">Porvoo, 2000</marc:subfield>
        </marc:datafield>
        <marc:datafield tag="787" ind1="0" ind2="8">
            <marc:subfield code="i">Arvosteltu teos:</marc:subfield>
            <marc:subfield code="t">Varjon metsästäjä</marc:subfield>
            <marc:subfield code="a">Jukka Petäjä.</marc:subfield>
            <marc:subfield code="d">Helsinki, 2000</marc:subfield>
        </marc:datafield>
    </marc:record>