
    <marc:record>
        <marc:leader>00814cab a22002054i 4500</marc:leader>
        <marc:controlfield tag="001">012975516</marc:controlfield>
        <marc:controlfield tag="003">FI-MELINDA</marc:controlfield>
        <marc:controlfield tag="005">20191124054628.0</marc:controlfield>
        <marc:controlfield tag="008">050214s2005    fi ||||| ||||||||||0fin||</marc:controlfield>
        <marc:datafield tag="035" ind1=" " ind2=" ">
            <marc:subfield code="a">(FI-MELINDA)012975516</marc:subfield>
        </marc:datafield>
        <marc:datafield tag="041" ind1="0" ind2=" ">
            <marc:subfield code="a">fin</marc:subfield>
        </marc:datafield>
        <marc:datafield tag="100" ind1="1" ind2=" ">
            <marc:subfield code="a">Kesävuori, Saara.</marc:subfield>
        </marc:datafield>
        <marc:datafield tag="245" ind1="1" ind2="0">
            <marc:subfield code="a">Väärä aika, väärä paikka.</marc:subfield>
        </marc:datafield>
        <marc:datafield tag="336" ind1=" " ind2=" ">
            <marc:subfield code="a">teksti</marc:subfield>
            <marc:subfield code="b">txt</marc:subfield>
            <marc:subfield code="2">rdacontent</marc:subfield>
        </marc:datafield>
        <marc:datafield tag="337" ind1=" " ind2=" ">
            <marc:subfield code="a">käytettävissä ilman laitetta</marc:subfield>
            <marc:subfield code="b">n</marc:subfield>
            <marc:subfield code="2">rdamedia</marc:subfield>
        </marc:datafield>
        <marc:datafield tag="380" ind1=" " ind2=" ">
            <marc:subfield code="a">kirja-arvostelu</marc:subfield>
        </marc:datafield>
        <marc:datafield tag="600" ind1="1" ind2="4">
            <marc:subfield code="a">Fossum, Karin.</marc:subfield>
            <marc:subfield code="t">Mustat sekunnit.</marc:subfield>
        </marc:datafield>
        <marc:datafield tag="650" ind1=" " ind2="7">
            <marc:subfield code="a">kirja-arvostelut</marc:subfield>
            <marc:subfield code="x">salapoliisiromaanit</marc:subfield>
            <marc:subfield code="x">käännökset</marc:subfield>
            <marc:subfield code="2">kitu</marc:subfield>
        </marc:datafield>
        <marc:datafield tag="773" ind1="0" ind2=" ">
            <marc:subfield code="w">(FI-MELINDA)004154452</marc:subfield>
            <marc:subfield code="7">nnas</marc:subfield>
            <marc:subfield code="w">(FI-Arto)1386294</marc:subfield>
            <marc:subfield code="t">Parnasso. -</marc:subfield>
            <marc:subfield code="d">Helsinki : Yhtyneet kuvalehdet. -</marc:subfield>
            <marc:subfield code="x">0031-2320. -</marc:subfield>
            <marc:subfield code="g">55 (2005) : 1, s. 87-88</marc:subfield>
            <marc:subfield code="q">0001</marc:subfield>
        </marc:datafield>
        <marc:datafield tag="787" ind1="0" ind2="8">
            <marc:subfield code="i">Arvosteltu teos:</marc:subfield>
            <marc:subfield code="t">Mustat sekunnit</marc:subfield>
            <marc:subfield code="a">Karin Fossum ; suomennos: Arvi Tamminen.</marc:subfield>
            <marc:subfield code="d">Helsinki, 2004</marc:subfield>
        </marc:datafield>
    </marc:record>