
    <marc:record>
        <marc:leader>00722cab a22001934i 4500</marc:leader>
        <marc:controlfield tag="001">013093575</marc:controlfield>
        <marc:controlfield tag="003">FI-MELINDA</marc:controlfield>
        <marc:controlfield tag="005">20191112204259.0</marc:controlfield>
        <marc:controlfield tag="008">071119s2006    fi ||||| ||||||||||0fin||</marc:controlfield>
        <marc:datafield tag="035" ind1=" " ind2=" ">
            <marc:subfield code="a">(FI-MELINDA)013093575</marc:subfield>
        </marc:datafield>
        <marc:datafield tag="041" ind1="0" ind2=" ">
            <marc:subfield code="a">fin</marc:subfield>
        </marc:datafield>
        <marc:datafield tag="080" ind1=" " ind2=" ">
            <marc:subfield code="a">82</marc:subfield>
        </marc:datafield>
        <marc:datafield tag="100" ind1="1" ind2=" ">
            <marc:subfield code="a">Salonen, Tuija.</marc:subfield>
        </marc:datafield>
        <marc:datafield tag="245" ind1="1" ind2="0">
            <marc:subfield code="a">Pohjoisia kuoleman kuvia :</marc:subfield>
            <marc:subfield code="b">norjalainen dekkarikirjailija Karin Fossum.</marc:subfield>
        </marc:datafield>
        <marc:datafield tag="336" ind1=" " ind2=" ">
            <marc:subfield code="a">teksti</marc:subfield>
            <marc:subfield code="b">txt</marc:subfield>
            <marc:subfield code="2">rdacontent</marc:subfield>
        </marc:datafield>
        <marc:datafield tag="337" ind1=" " ind2=" ">
            <marc:subfield code="a">käytettävissä ilman laitetta</marc:subfield>
            <marc:subfield code="b">n</marc:subfield>
            <marc:subfield code="2">rdamedia</marc:subfield>
        </marc:datafield>
        <marc:datafield tag="600" ind1="1" ind2="4">
            <marc:subfield code="a">Fossum, Karin.</marc:subfield>
        </marc:datafield>
        <marc:datafield tag="650" ind1=" " ind2="7">
            <marc:subfield code="a">kirjailijat</marc:subfield>
            <marc:subfield code="x">salapoliisiromaanit</marc:subfield>
            <marc:subfield code="y">Norja</marc:subfield>
            <marc:subfield code="2">kitu</marc:subfield>
        </marc:datafield>
        <marc:datafield tag="773" ind1="0" ind2=" ">
            <marc:subfield code="w">(FI-MELINDA)000222532</marc:subfield>
            <marc:subfield code="7">nnas</marc:subfield>
            <marc:subfield code="w">(FI-Arto)441195</marc:subfield>
            <marc:subfield code="t">Lumooja : kirjallisuuslehti. -</marc:subfield>
            <marc:subfield code="d">Turku : Kirjoittajayhdistys Kapustarinta. -</marc:subfield>
            <marc:subfield code="x">1457-4977. -</marc:subfield>
            <marc:subfield code="g">2006 : 4, s. 18-19</marc:subfield>
            <marc:subfield code="q">0004</marc:subfield>
        </marc:datafield>
    </marc:record>