
    <marc:record>
        <marc:leader>01225cab a22002774i 4500</marc:leader>
        <marc:controlfield tag="001">013326665</marc:controlfield>
        <marc:controlfield tag="003">FI-MELINDA</marc:controlfield>
        <marc:controlfield tag="005">20190708193332.0</marc:controlfield>
        <marc:controlfield tag="007">ta</marc:controlfield>
        <marc:controlfield tag="008">141029s2014    fi || ||  o||||   |0fin|c</marc:controlfield>
        <marc:datafield tag="035" ind1=" " ind2=" ">
            <marc:subfield code="a">(FI-MELINDA)013326665</marc:subfield>
        </marc:datafield>
        <marc:datafield tag="041" ind1="0" ind2=" ">
            <marc:subfield code="a">fin</marc:subfield>
        </marc:datafield>
        <marc:datafield tag="100" ind1="1" ind2=" ">
            <marc:subfield code="a">Ahonen, Markus.</marc:subfield>
        </marc:datafield>
        <marc:datafield tag="245" ind1="1" ind2="0">
            <marc:subfield code="a">Rikollisessa mielessä /</marc:subfield>
            <marc:subfield code="c">Markus Ahonen.</marc:subfield>
        </marc:datafield>
        <marc:datafield tag="336" ind1=" " ind2=" ">
            <marc:subfield code="a">teksti</marc:subfield>
            <marc:subfield code="b">txt</marc:subfield>
            <marc:subfield code="2">rdacontent</marc:subfield>
        </marc:datafield>
        <marc:datafield tag="337" ind1=" " ind2=" ">
            <marc:subfield code="a">käytettävissä ilman laitetta</marc:subfield>
            <marc:subfield code="b">n</marc:subfield>
            <marc:subfield code="2">rdamedia</marc:subfield>
        </marc:datafield>
        <marc:datafield tag="380" ind1=" " ind2=" ">
            <marc:subfield code="a">kirja-arvostelu</marc:subfield>
        </marc:datafield>
        <marc:datafield tag="490" ind1="0" ind2=" ">
            <marc:subfield code="a">Käräjät: dekkarit ja jännitys</marc:subfield>
        </marc:datafield>
        <marc:datafield tag="598" ind1=" " ind2=" ">
            <marc:subfield code="a">Kitu2014 ; A</marc:subfield>
            <marc:subfield code="5">ARTO</marc:subfield>
        </marc:datafield>
        <marc:datafield tag="600" ind1="1" ind2="4">
            <marc:subfield code="a">Fossum, Karin.</marc:subfield>
            <marc:subfield code="t">Carmen Zita ja kuolema.</marc:subfield>
        </marc:datafield>
        <marc:datafield tag="655" ind1=" " ind2="7">
            <marc:subfield code="a">kirja-arvostelut</marc:subfield>
            <marc:subfield code="2">slm/fin</marc:subfield>
            <marc:subfield code="0">http://urn.fi/URN:NBN:fi:au:slm:s1093</marc:subfield>
        </marc:datafield>
        <marc:datafield tag="655" ind1=" " ind2="7">
            <marc:subfield code="a">jännityskirjallisuus</marc:subfield>
            <marc:subfield code="2">slm/fin</marc:subfield>
            <marc:subfield code="0">http://urn.fi/URN:NBN:fi:au:slm:s382</marc:subfield>
        </marc:datafield>
        <marc:datafield tag="655" ind1=" " ind2="7">
            <marc:subfield code="a">litteraturrecensioner</marc:subfield>
            <marc:subfield code="2">slm/swe</marc:subfield>
            <marc:subfield code="0">http://urn.fi/URN:NBN:fi:au:slm:s1093</marc:subfield>
        </marc:datafield>
        <marc:datafield tag="655" ind1=" " ind2="7">
            <marc:subfield code="a">thrillers (litteratur)</marc:subfield>
            <marc:subfield code="2">slm/swe</marc:subfield>
            <marc:subfield code="0">http://urn.fi/URN:NBN:fi:au:slm:s382</marc:subfield>
        </marc:datafield>
        <marc:datafield tag="773" ind1="0" ind2=" ">
            <marc:subfield code="w">(FI-MELINDA)000590324</marc:subfield>
            <marc:subfield code="7">nnas</marc:subfield>
            <marc:subfield code="w">(FI-Arto)1386293</marc:subfield>
            <marc:subfield code="t">Ruumiin kulttuuri. -</marc:subfield>
            <marc:subfield code="d">Helsinki : Suomen dekkariseura. -</marc:subfield>
            <marc:subfield code="x">0781-7452. -</marc:subfield>
            <marc:subfield code="g">31 (2014) : 3, s. 78</marc:subfield>
        </marc:datafield>
        <marc:datafield tag="787" ind1="0" ind2="8">
            <marc:subfield code="i">Arvosteltu teos:</marc:subfield>
            <marc:subfield code="t">Carmen Zita ja kuolema : romaani</marc:subfield>
            <marc:subfield code="a">Karin Fossum ; suomentanut Tarja Teva.</marc:subfield>
            <marc:subfield code="d">Helsinki, 2014.</marc:subfield>
            <marc:subfield code="z">978-951-0-40524-6</marc:subfield>
        </marc:datafield>
    </marc:record>