
    <marc:record>
        <marc:leader>01781cim a22004454i 4500</marc:leader>
        <marc:controlfield tag="001">016910906</marc:controlfield>
        <marc:controlfield tag="003">FI-MELINDA</marc:controlfield>
        <marc:controlfield tag="005">20210131143914.0</marc:controlfield>
        <marc:controlfield tag="007">co||||||||||||</marc:controlfield>
        <marc:controlfield tag="008">180321s2009    fi ||||f||||||||||||fin|c</marc:controlfield>
        <marc:datafield tag="028" ind1="0" ind2="1">
            <marc:subfield code="b">Celia</marc:subfield>
            <marc:subfield code="a">259200</marc:subfield>
        </marc:datafield>
        <marc:datafield tag="035" ind1=" " ind2=" ">
            <marc:subfield code="a">(FI-MELINDA)016910906</marc:subfield>
        </marc:datafield>
        <marc:datafield tag="041" ind1="0" ind2=" ">
            <marc:subfield code="d">fin</marc:subfield>
        </marc:datafield>
        <marc:datafield tag="084" ind1=" " ind2=" ">
            <marc:subfield code="a">84.2</marc:subfield>
            <marc:subfield code="2">ykl</marc:subfield>
        </marc:datafield>
        <marc:datafield tag="084" ind1="9" ind2=" ">
            <marc:subfield code="a">Dekkarit</marc:subfield>
            <marc:subfield code="2">ykl</marc:subfield>
        </marc:datafield>
        <marc:datafield tag="100" ind1="1" ind2=" ">
            <marc:subfield code="a">Fossum, Karin,</marc:subfield>
            <marc:subfield code="e">kirjoittaja.</marc:subfield>
        </marc:datafield>
        <marc:datafield tag="245" ind1="1" ind2="0">
            <marc:subfield code="a">Paha tahto :</marc:subfield>
            <marc:subfield code="b">Daisy-äänikirja vain lukemisesteisille /</marc:subfield>
            <marc:subfield code="c">Karin Fossum.</marc:subfield>
        </marc:datafield>
        <marc:datafield tag="260" ind1=" " ind2=" ">
            <marc:subfield code="a">[Helsinki] :</marc:subfield>
            <marc:subfield code="b">Celia ,</marc:subfield>
            <marc:subfield code="c">2009</marc:subfield>
        </marc:datafield>
        <marc:datafield tag="300" ind1=" " ind2=" ">
            <marc:subfield code="a">1 CD-levy (Daisy) (7 h 55 min)</marc:subfield>
        </marc:datafield>
        <marc:datafield tag="336" ind1=" " ind2=" ">
            <marc:subfield code="a">puhe</marc:subfield>
            <marc:subfield code="b">spw</marc:subfield>
            <marc:subfield code="2">rdacontent</marc:subfield>
        </marc:datafield>
        <marc:datafield tag="337" ind1=" " ind2=" ">
            <marc:subfield code="a">audio</marc:subfield>
            <marc:subfield code="b">s</marc:subfield>
            <marc:subfield code="2">rdamedia</marc:subfield>
        </marc:datafield>
        <marc:datafield tag="338" ind1=" " ind2=" ">
            <marc:subfield code="a">äänilevy</marc:subfield>
            <marc:subfield code="b">sd</marc:subfield>
            <marc:subfield code="2">rdacarrier</marc:subfield>
        </marc:datafield>
        <marc:datafield tag="511" ind1="0" ind2=" ">
            <marc:subfield code="a">Lukija: Arja Finne.</marc:subfield>
        </marc:datafield>
        <marc:datafield tag="538" ind1=" " ind2=" ">
            <marc:subfield code="a">DAISY-lukulaite tai MP3-tiedostoja toistava laite.</marc:subfield>
        </marc:datafield>
        <marc:datafield tag="600" ind1="1" ind2="4">
            <marc:subfield code="a">Sejer, Konrad</marc:subfield>
            <marc:subfield code="c">(fiktiivinen hahmo)</marc:subfield>
        </marc:datafield>
        <marc:datafield tag="650" ind1=" " ind2="7">
            <marc:subfield code="a">itsemurha</marc:subfield>
            <marc:subfield code="2">kaunokki</marc:subfield>
        </marc:datafield>
        <marc:datafield tag="650" ind1=" " ind2="7">
            <marc:subfield code="a">salaisuudet</marc:subfield>
            <marc:subfield code="2">kaunokki</marc:subfield>
        </marc:datafield>
        <marc:datafield tag="650" ind1=" " ind2="7">
            <marc:subfield code="a">syyllisyydentunne</marc:subfield>
            <marc:subfield code="2">kaunokki</marc:subfield>
        </marc:datafield>
        <marc:datafield tag="650" ind1=" " ind2="7">
            <marc:subfield code="a">lapsuudenystävät</marc:subfield>
            <marc:subfield code="x">miehet</marc:subfield>
            <marc:subfield code="2">kaunokki</marc:subfield>
        </marc:datafield>
        <marc:datafield tag="650" ind1=" " ind2="7">
            <marc:subfield code="a">psykiatriset sairaalat</marc:subfield>
            <marc:subfield code="2">kaunokki</marc:subfield>
        </marc:datafield>
        <marc:datafield tag="650" ind1=" " ind2="7">
            <marc:subfield code="a">kylät</marc:subfield>
            <marc:subfield code="z">Norja</marc:subfield>
            <marc:subfield code="2">kaunokki</marc:subfield>
        </marc:datafield>
        <marc:datafield tag="655" ind1=" " ind2="7">
            <marc:subfield code="a">äänikirjat</marc:subfield>
            <marc:subfield code="2">slm/fin</marc:subfield>
            <marc:subfield code="0">http://urn.fi/URN:NBN:fi:au:slm:s579</marc:subfield>
        </marc:datafield>
        <marc:datafield tag="655" ind1=" " ind2="7">
            <marc:subfield code="a">psykologinen jännityskirjallisuus</marc:subfield>
            <marc:subfield code="2">slm/fin</marc:subfield>
            <marc:subfield code="0">http://urn.fi/URN:NBN:fi:au:slm:s816</marc:subfield>
        </marc:datafield>
        <marc:datafield tag="655" ind1=" " ind2="7">
            <marc:subfield code="a">psykologiska thrillers (litteratur)</marc:subfield>
            <marc:subfield code="2">slm/swe</marc:subfield>
            <marc:subfield code="0">http://urn.fi/URN:NBN:fi:au:slm:s816</marc:subfield>
        </marc:datafield>
        <marc:datafield tag="655" ind1=" " ind2="7">
            <marc:subfield code="a">poliisikirjallisuus</marc:subfield>
            <marc:subfield code="2">slm/fin</marc:subfield>
            <marc:subfield code="0">http://urn.fi/URN:NBN:fi:au:slm:s41</marc:subfield>
        </marc:datafield>
        <marc:datafield tag="655" ind1=" " ind2="7">
            <marc:subfield code="a">polisromaner</marc:subfield>
            <marc:subfield code="2">slm/swe</marc:subfield>
            <marc:subfield code="0">http://urn.fi/URN:NBN:fi:au:slm:s41</marc:subfield>
        </marc:datafield>
        <marc:datafield tag="655" ind1=" " ind2="7">
            <marc:subfield code="a">rikoskirjallisuus</marc:subfield>
            <marc:subfield code="2">slm/fin</marc:subfield>
            <marc:subfield code="0">http://urn.fi/URN:NBN:fi:au:slm:s911</marc:subfield>
        </marc:datafield>
        <marc:datafield tag="655" ind1=" " ind2="7">
            <marc:subfield code="a">kriminalfiktion</marc:subfield>
            <marc:subfield code="2">slm/swe</marc:subfield>
            <marc:subfield code="0">http://urn.fi/URN:NBN:fi:au:slm:s911</marc:subfield>
        </marc:datafield>
        <marc:datafield tag="655" ind1=" " ind2="7">
            <marc:subfield code="a">ljudböcker</marc:subfield>
            <marc:subfield code="2">slm/swe</marc:subfield>
            <marc:subfield code="0">http://urn.fi/URN:NBN:fi:au:slm:s579</marc:subfield>
        </marc:datafield>
        <marc:datafield tag="700" ind1="1" ind2=" ">
            <marc:subfield code="a">Finne, Arja,</marc:subfield>
            <marc:subfield code="e">lukija.</marc:subfield>
        </marc:datafield>
    </marc:record>