
    <marc:record>
        <marc:leader>01349cim a22004218i 4500</marc:leader>
        <marc:controlfield tag="001">018175002</marc:controlfield>
        <marc:controlfield tag="003">FI-MELINDA</marc:controlfield>
        <marc:controlfield tag="005">20220404191435.0</marc:controlfield>
        <marc:controlfield tag="006">m|||||o||h||||||||</marc:controlfield>
        <marc:controlfield tag="007">sr|uunnnnnuneu</marc:controlfield>
        <marc:controlfield tag="007">cr|nnannnuuuuu</marc:controlfield>
        <marc:controlfield tag="008">220331s2022    fi |||||o|||||||||||fin||</marc:controlfield>
        <marc:datafield tag="020" ind1=" " ind2=" ">
            <marc:subfield code="a">978-951-0-48405-0</marc:subfield>
            <marc:subfield code="q">MP3</marc:subfield>
        </marc:datafield>
        <marc:datafield tag="035" ind1=" " ind2=" ">
            <marc:subfield code="a">(FI-MELINDA)018175002</marc:subfield>
        </marc:datafield>
        <marc:datafield tag="040" ind1=" " ind2=" ">
            <marc:subfield code="a">FI-KV</marc:subfield>
            <marc:subfield code="b">fin</marc:subfield>
            <marc:subfield code="e">rda</marc:subfield>
            <marc:subfield code="d">FI-NL</marc:subfield>
        </marc:datafield>
        <marc:datafield tag="041" ind1=" " ind2=" ">
            <marc:subfield code="d">fin</marc:subfield>
        </marc:datafield>
        <marc:datafield tag="042" ind1=" " ind2=" ">
            <marc:subfield code="a">finb</marc:subfield>
        </marc:datafield>
        <marc:datafield tag="084" ind1=" " ind2=" ">
            <marc:subfield code="a">84.2</marc:subfield>
            <marc:subfield code="2">ykl</marc:subfield>
        </marc:datafield>
        <marc:datafield tag="100" ind1="1" ind2=" ">
            <marc:subfield code="a">Fossum, Karin,</marc:subfield>
            <marc:subfield code="e">kirjoittaja.</marc:subfield>
        </marc:datafield>
        <marc:datafield tag="240" ind1=" " ind2="0">
            <marc:subfield code="a">Drepende drage Angrende hund</marc:subfield>
        </marc:datafield>
        <marc:datafield tag="245" ind1="1" ind2="0">
            <marc:subfield code="a">Paha äiti.</marc:subfield>
        </marc:datafield>
        <marc:datafield tag="263" ind1=" " ind2=" ">
            <marc:subfield code="a">20220927</marc:subfield>
        </marc:datafield>
        <marc:datafield tag="264" ind1=" " ind2="1">
            <marc:subfield code="a">Helsinki :</marc:subfield>
            <marc:subfield code="b">WSOY,</marc:subfield>
            <marc:subfield code="b">Johnny Kniga,</marc:subfield>
            <marc:subfield code="c">2022</marc:subfield>
        </marc:datafield>
        <marc:datafield tag="300" ind1=" " ind2=" ">
            <marc:subfield code="a">1 verkkoaineisto (8 h 2 min)</marc:subfield>
        </marc:datafield>
        <marc:datafield tag="336" ind1=" " ind2=" ">
            <marc:subfield code="a">puhe</marc:subfield>
            <marc:subfield code="b">spw</marc:subfield>
            <marc:subfield code="2">rdacontent</marc:subfield>
        </marc:datafield>
        <marc:datafield tag="337" ind1=" " ind2=" ">
            <marc:subfield code="a">tietokonekäyttöinen</marc:subfield>
            <marc:subfield code="b">c</marc:subfield>
            <marc:subfield code="2">rdamedia</marc:subfield>
        </marc:datafield>
        <marc:datafield tag="338" ind1=" " ind2=" ">
            <marc:subfield code="a">verkkoaineisto</marc:subfield>
            <marc:subfield code="b">cr</marc:subfield>
            <marc:subfield code="2">rdacarrier</marc:subfield>
        </marc:datafield>
        <marc:datafield tag="341" ind1=" " ind2=" ">
            <marc:subfield code="a">kuuloon perustuva</marc:subfield>
        </marc:datafield>
        <marc:datafield tag="344" ind1=" " ind2=" ">
            <marc:subfield code="a">digitaalinen</marc:subfield>
        </marc:datafield>
        <marc:datafield tag="347" ind1=" " ind2=" ">
            <marc:subfield code="a">äänitiedosto</marc:subfield>
            <marc:subfield code="b">MP3</marc:subfield>
        </marc:datafield>
        <marc:datafield tag="490" ind1="0" ind2=" ">
            <marc:subfield code="a">Eddie Feber ;</marc:subfield>
            <marc:subfield code="v">1</marc:subfield>
        </marc:datafield>
        <marc:datafield tag="500" ind1=" " ind2=" ">
            <marc:subfield code="a">ENNAKKOTIETO / KIRJAVÄLITYS.</marc:subfield>
        </marc:datafield>
        <marc:datafield tag="511" ind1="0" ind2=" ">
            <marc:subfield code="a">Lukija: Jukka Pitkänen.</marc:subfield>
        </marc:datafield>
        <marc:datafield tag="594" ind1=" " ind2=" ">
            <marc:subfield code="a">ENNAKKOTIETO / KIRJAVÄLITYS</marc:subfield>
            <marc:subfield code="5">FENNI</marc:subfield>
        </marc:datafield>
        <marc:datafield tag="655" ind1=" " ind2="7">
            <marc:subfield code="a">ljudböcker</marc:subfield>
            <marc:subfield code="2">slm/swe</marc:subfield>
            <marc:subfield code="0">http://urn.fi/URN:NBN:fi:au:slm:s579</marc:subfield>
        </marc:datafield>
        <marc:datafield tag="655" ind1=" " ind2="7">
            <marc:subfield code="a">äänikirjat</marc:subfield>
            <marc:subfield code="2">slm/fin</marc:subfield>
            <marc:subfield code="0">http://urn.fi/URN:NBN:fi:au:slm:s579</marc:subfield>
        </marc:datafield>
        <marc:datafield tag="700" ind1="1" ind2=" ">
            <marc:subfield code="a">Teva, Tarja,</marc:subfield>
            <marc:subfield code="e">kääntäjä.</marc:subfield>
            <marc:subfield code="0">https://isni.org/isni/0000000362993434</marc:subfield>
        </marc:datafield>
        <marc:datafield tag="700" ind1="1" ind2=" ">
            <marc:subfield code="a">Pitkänen, Jukka,</marc:subfield>
            <marc:subfield code="e">lukija.</marc:subfield>
        </marc:datafield>
    </marc:record>